@article{b1,
author = {Hasnat, Md Mehedi and Hasan, Samiul},
title = {Identifying tourists and analyzing spatial patterns of their destinations from location-based social media data},
volume = {96},
year = {2018}
}

@techreport{b2,
year = {2018},
author = {Balevi, Eren and Gitlin, Richard D},
keywords = {Index Terms-HetNets,clustering,fog computing},
title = {A Clustering Algorithm That Maximizes Throughput in 5G Heterogeneous F-RAN Networks}
}

@article{b3,
author = {Ponperiasamy, A R and Thenmozhi, E},
title = {A Brief survey of Data Mining Techniques Applied to Agricultural Data},
year = {2017}
}

@article{b4,
author = {Wang, Yili and Youn, Hee Yong},
title = {Feature Weighting Based on Inter-Category and Intra-Category Strength for Twitter Sentiment Analysis},
volume = {9},
year = {2018}
}

@article{b5,
author = {Vlegels, Jef and Lievens, John},
pages = {76-89},
title = {Music classification, genres, and taste patterns: A ground-up network analysis on the clustering of artist preferences},
volume = {60},
year = {2017}
}

@article{b6,
author = {Mallqui, Dennys C A and Fernandes, Ricardo A S},
pages = {596--606},
title = {Predicting the direction, maximum, minimum and closing prices of daily bitcoin exchange rate using machine learning techniques},
volume = {75},
year = {2018}
}

@article{b7,
author = {Singh, Kuldeep and Shakya, Harish Kumar and Biswas, Bhaskar},
pages = {570--573},
title = {Clustering of people in social network based on textual similarity},
volume = {8},
year = {2016}
}

@article{b9,
author = {Sculley, D.},
title = {Web-Scale k-Means Clustering},
year = {2010},
pages = {1177–1178}
}

@article {b10,
	author = {Frey, Brendan J. and Dueck, Delbert},
	title = {Clustering by Passing Messages Between Data Points},
	year = {2007}
}

@article{b11,
author = {Mächler, Martin and Rousseeuw, Peter and Struyf, Anja and Hubert, Mia and Hornik, Kurt and Studer, Matthias and Roudier, Pierre and Gonzalez, Juan},
year = {2017},
title = {Cluster: "Finding Groups in Data": Cluster Analysis Extended Rousseeuw et Al.}
}

@article{b12,
title = {A Comparison of Fuzzy Clustering Algorithms Applied to Feature Extraction on Vineyard},
author = {Christian Correa Farias and Constantino Valero Ubierna and Pilar Barreiro Elorza and Maria Paz Diago Santamaria and Javier Tardaguila Laso},
year = {2011}
}

@article{b13,
author = {Litoriya, Ratnesh},
year = {2012},
title = {Comparison of the various clustering algorithms of weka tools}
}

@article{b14,
author = {Metsalu T, Vilo J.},
year = {2015},
title = {ClustVis: a web tool for visualizing clustering of multivariate data using Principal Component Analysis and heatmap-}
}

@article{b15,
author = {Fernández, Alberto and Luengo, Julián and Derrac, Joaquín and Alcala-Fdez, Jesus and Herrera, Francisco},
year = {2009},
title = {Implementation and Integration of Algorithms into the KEEL Data-Mining Software Tool}
}

@article{b17,
author = {Kotsiantis, Sotiris and Pintelas, P.},
year = {2004},
title = {Recent advances in clustering: A brief survey}
}

@article{b18,
  title={An overview of clustering methods},
  author={Omran, Mahamed GH and Engelbrecht, Andries P and Salman, Ayed},
  year={2007}
}

@article{b19,
author = {Jain, A. K. and Murty, M. N. and Flynn, P. J.},
title = {Data Clustering: A Review},
year = {1999},
pages = {264–323}
}

@article{b20,
author = {Guha, Sudipto and Rastogi, Rajeev and Shim, Kyuseok},
title = {CURE: An Efficient Clustering Algorithm for Large Databases},
year = {1998},
pages = {73–84}
}

@article{b21,
author = {Guo, Dongwei and Zhao, Jingjing and Liu, Jici},
title = {Research and Application of Improved CHAMELEON Algorithm Based on Condensed Hierarchical Clustering Method},
year = {2019},
pages = {14–18}
}

@article{b22,
author = {Zhang, Tian and Ramakrishnan, Raghu and Livny, Miron},
title = {BIRCH: An Efficient Data Clustering Method for Very Large Databases},
year = {1996},
pages = {103–114}
}

@article{b23,
author = {Saxena, Amit and Prasad, Mukesh and Gupta, Akshansh and Bharill, Neha and Patel, op and Tiwari, Aruna and Er, Meng and Ding, Weiping and Lin, Chin-Teng},
year = {2017},
title = {A Review of Clustering Techniques and Developments}
}

@article{b24,
  title={Outlier Analysis of Medical Dataset Using Clustering Algorithms},
  author={Ramprasanth, H and Devi, A},
  pages={1--9},
  year={2019}
}

@inproceedings{b25,
  title={A LION OPTIMIZATION BASED K-PROTOTYPE CLUSTERING ALGORITHM FOR MIXED DATA},
  author={Ganesan Nithya and K. Arun Prabha},
  year={2019}
}

@inproceedings{b26,
  title={A Fast Clustering Algorithm to Cluster Very Large Categorical Data Sets in Data Mining},
  author={Joshua Zhexue Huang},
  year={1997}
}

@InProceedings{b27,
author={Kushwaha and Mohit and Yadav Himanshu and Agrawal and Chetan},
title= {A Review on Enhancement to Standard K-Means Clustering},
year={2020},
pages={313--326}
}

@inproceedings{b46,
  title={Paper on Clustering Techniques},
  author={Amandeep Kaur Mann and Navneet Kaur},
  year={2013}
}

@inproceedings{b47,
  title={A comparison of document clustering techniques},
  author={Karypis, Michael Steinbach George and Kumar, Vipin and Steinbach, Michael},
  booktitle={TextMining Workshop at KDD2000 (May 2000)},
  year={2000}
}

@article{b48,
  title={Review and comparative study of clustering techniques},
  author={Popat, Shraddha K and Emmanuel, M},
  journal={International journal of computer science and information technologies},
  volume={5},
  number={1},
  pages={805--812},
  year={2014}
}

@INPROCEEDINGS{b49,
    author = {J. Macqueen},
    title = {Some methods for classification and analysis of multivariate observations},
    booktitle = {In 5-th Berkeley Symposium on Mathematical Statistics and Probability},
    year = {1967},
    pages = {281--297}
}
